<record><leader>00000cas a22000007a 4500</leader><controlfield tag="001">15154792</controlfield><controlfield tag="008">870205d18341836pauwr ne      0    0eng d</controlfield><datafield ind1=" " ind2=" " tag="010"><subfield code="a">sn 87080334 </subfield></datafield><datafield ind1=" " ind2=" " tag="040"><subfield code="a">NPH</subfield><subfield code="b">eng</subfield><subfield code="c">NPH</subfield><subfield code="d">OCLCQ</subfield></datafield><datafield ind1=" " ind2=" " tag="042"><subfield code="a">msc</subfield></datafield><datafield ind1="0" ind2=" " tag="130"><subfield code="a">Intelligencer (Greensburg, Pa.)</subfield></datafield><datafield ind1="1" ind2="4" tag="245"><subfield code="a">The intelligencer.</subfield></datafield><datafield ind1="1" ind2="3" tag="246"><subfield code="a">Westmoreland intelligencer</subfield></datafield><datafield ind1=" " ind2=" " tag="260"><subfield code="a">Greensburg, Westmoreland Co., Pa. :</subfield><subfield code="b">R.C. Fleeson,</subfield><subfield code="c">1834-</subfield></datafield><datafield ind1=" " ind2=" " tag="300"><subfield code="a">v. ;</subfield><subfield code="c">52 cm.</subfield></datafield><datafield ind1=" " ind2=" " tag="310"><subfield code="a">Weekly</subfield></datafield><datafield ind1="0" ind2=" " tag="362"><subfield code="a">Vol. 1, no. 3 (Aug. 22, 1834)-</subfield></datafield><datafield ind1="1" ind2=" " tag="362"><subfield code="a">Ceased in Dec. 1836.</subfield></datafield><datafield ind1=" " ind2=" " tag="500"><subfield code="a">Proprietor: Mrs. Mary Black.</subfield></datafield><datafield ind1=" " ind2=" " tag="752"><subfield code="a">United States</subfield><subfield code="b">Pennsylvania</subfield><subfield code="c">Westmoreland</subfield><subfield code="d">Greensburg.</subfield></datafield><datafield ind1="0" ind2="0" tag="780"><subfield code="t">Westmoreland intelligencer (Greensburg, Pa. : 1832)</subfield><subfield code="w">(OCoLC)2269503</subfield></datafield><datafield ind1="0" ind2="0" tag="785"><subfield code="t">Westmoreland intelligencer (Greensburg, Pa. : 1837)</subfield><subfield code="w">(DLC)sn 87080335</subfield></datafield></record>